<?xml version="1.0" encoding="UTF-8"?><collection xmlns="http://www.loc.gov/MARC21/slim"><record><leader>00351nam--2200133-i-4500</leader><controlfield tag="001">000003871</controlfield><controlfield tag="002">20161230</controlfield><controlfield tag="005">20161230201025</controlfield><controlfield tag="008">060222s1000------------r-----000-0-eng-d</controlfield><datafield ind1=" " ind2=" " tag="080"><subfield code="a">669.14.018.29</subfield></datafield><datafield ind1=" " ind2=" " tag="100"><subfield code="a">Bogatarev, Iu M</subfield></datafield><datafield ind1=" " ind2=" " tag="245"><subfield code="a">Revenirea otelurilor de constructie calite su perficial</subfield></datafield><datafield ind1=" " ind2=" " tag="260"><subfield code="a">Bucursti, I.D.T., 1950. 119 P</subfield></datafield><datafield ind1=" " ind2=" " tag="852"><subfield code="a">26509</subfield></datafield></record></collection>